%! Author = Sven
%! Date = 21.06.2021

